@misc{wiki:osimodel,
  author = "Wikipedia",
  title = "OSI model",
  year = "2014",
  url = "\url{http://en.wikipedia.org/wiki/OSI_model}",
  note = "[Online; accessed 27-December-2014]"
}
@book{bonaventure2011computer,
  title={Computer networking: Principles, protocols, and practice},
  author={Bonaventure, Olivier},
  year={2011},
  edition={Second},
  publisher={The Saylor Foundation}
}
@article{feldmeier1995fast,
  title={Fast software implementation of error detection codes},
  author={Feldmeier, David C},
  journal={IEEE/ACM Transactions on Networking (TON)},
  volume={3},
  number={6},
  pages={640--651},
  year={1995},
  publisher={IEEE Press}
}
@article{stone1998performance,
  title={Performance of checksums and CRCs over real data},
  author={Stone, Jonathan and Greenwald, Michael and Partridge, Craig and Hughes, James},
  journal={Networking, IEEE/ACM Transactions on},
  volume={6},
  number={5},
  pages={529--543},
  year={1998},
  publisher={IEEE}
}
