@book{haykin2009neural,
  title={Neural networks and learning machines},
  author={Haykin, Simon S},
  volume={3},
  year={2009},
  publisher={Pearson Education Upper Saddle River}
}
@Book{hassibi1993second,
  Title                    = {{S}econd order derivatives for network pruning: {O}ptimal brain surgeon},
  Author                   = {Hassibi, Babak and Stork, David G},
  Publisher                = {Morgan Kaufmann},
  Year                     = {1993},
}
@InProceedings{hassibi1993optimal,
  Title                    = {{O}ptimal brain surgeon and general network pruning},
  Author                   = {Hassibi, Babak and Stork, David G and Wolff, Gregory J},
  Booktitle                = {Neural Networks, 1993., IEEE International Conference on},
  Year                     = {1993},
  Organization             = {IEEE},
  Pages                    = {293--299}
}
@InProceedings{lecun1989optimal,
  Title                    = {{O}ptimal brain damage},
  Author                   = {LeCun, Yann and Denker, John S and Solla, Sara A and Howard, Richard E and Jackel, Lawrence D},
  Booktitle                = {NIPs},
  Year                     = {1989},
  Volume                   = {89}
}
@Article{kolmogorov1965three,
  Title                    = {{T}hree approaches to the quantitative definition ofinformation'},
  Author                   = {Kolmogorov, Andrei N},
  Journal                  = {Problems of information transmission},
  Year                     = {1965},
  Number                   = {1},
  Pages                    = {1--7},
  Volume                   = {1}
}
@Article{rissanen1978modeling,
  Title                    = {{M}odeling by shortest data description},
  Author                   = {Rissanen, Jorma},
  Journal                  = {Automatica},
  Year                     = {1978},
  Number                   = {5},
  Pages                    = {465--471},
  Volume                   = {14},

  Publisher                = {Elsevier},
}
