@book{haykinvanveen,
	author = {Simon Haykin and Barry Van Veen},
	title = {Signals and systems},
	year = 2003,
	publisher = {Wiley},
}
