@book{cormen2009algorithm,
   author = {Cormen, Thomas H. and Stein, Clifford and Rivest, Ronald L. and Leiserson, Charles E.},
   title = {Introduction to Algorithms},
   year = {2009},
   edition = {3nd},
   publisher = {The M.I.T. Press},
}
@book{campbell2012introduction,
  title={Introduction to Compiler Construction in a Java World},
  author={Campbell, Bill and Iyer, Swami and Akbal-Delibas, Bahar},
  year={2012},
  publisher={CRC Press}
}
