@misc{chau2002mason,
  author = {Chau, P.C.},
  title = {{Mason's Gain Formula}},
  howpublished = "\url{http://www.cambridge.org/us/features/chau/webnotes/chap2mason.pdf}",
  year = {2002},
  note = "[Online; accessed 21-May-2014]"
}

@misc{schmid2005windup,
  author = {Schmid, Christian},
  title = {{Control system with anti-windup measure}},
  howpublished = "\url{http://www.atp.ruhr-uni-bochum.de/rt1/syscontrol/node92.html}",
  year = {2005},
  note = "[Online; accessed 21-May-2014]"
}

@misc{cheever2013nyquist,
  author = {Cheever, Erik},
  title = {{Determining Stability using the Nyquist Plot}},
  howpublished = "\url{http://lpsa.swarthmore.edu/Nyquist/NyquistStability.html}",
  year = {2013},
  note = "[Online; accessed 3-Juny-2014]"
}

@misc{cheever2013rlocus,
  author = {Cheever, Erik},
  title = {{The Root Locus}},
  howpublished = "\url{http://lpsa.swarthmore.edu/Root_Locus/RootLocus.html}",
  year = {2013},
  note = "[Online; accessed 5-Juny-2014]"
}

@book{astrom2010feedback,
  title={Feedback systems: an introduction for scientists and engineers},
  author={Astr{\"o}m, Karl Johan and Murray, Richard M},
  year={2010},
  publisher={Princeton university press}
}
