@book{Kerrisk2010,
	author = {Michael Kerrisk},
	title = {The Linux Programming Interface},
	year = {2010},
	publisher = {No Starch Press},
	isbn = {978-1-59327-220-3},
	pages = {1552},
	url = {http://my.safaribooksonline.com/book/programming/linux/9781593272203},
}
