@book{van2004concepts,
  title={Concepts, techniques, and models of computer programming},
  author={Van-Roy, Peter and Haridi, Seif},
  year={2004},
  publisher={MIT press}
}
