@book{legras,
  title={Slides de thermochimie},
  author={Legras, Roger},
  year={2012}
}
@book{godard,
  title={Slides des r√©actions acides-bases},
  author={Godard, Pierre},
  year={2012}
}

@book{atkins2011principes,
  title={Principes de chimie},
  author={Atkins, Peter William and Jones, Loretta},
  year={2011},
  edition={2\ieme{}},
  publisher={De Boeck Sup{\'e}rieur}
}
