@book{gray,
    author = "Gray and Hurst and Lewis and Meyer",
    title = "Analysis and Design of Analog Integrated Circuits",
    publisher = "John Wiley and Sons",
    year = "2010",
    edition = "5th",
}

@book{baker,
    author = "R. Jacob Baker",
    title = "CMOS: Circuit Design, Layout, and Simulation",
    publisher = "John Wiley and Sons",
    year = "2010",
    series = "IEEE Series on Microelectronic Systems",
    edition = "3rd",
}

@book{sedra,
    author = "Sedra and Smith",
    title = "Microelectronic Circuits",
    publisher = "Oxford University Press",
    year = "2011",
    edition = "international 6th",
}
