@book{jonas,
  title={Notes compl√©mentaires de la partie thermodynamique},
  author={Jonas, Alain},
  year={2014}
}

@book{atkins2011principes,
  title={Principes de chimie},
  author={Atkins, Peter William and Jones, Loretta},
  year={2011},
  edition={2\ieme{}},
  publisher={De Boeck Sup{\'e}rieur}
}
