@book{stallings,
  title={Operating Systems: Internals and Design Principles, 7/E},
  author={Stallings, William},
  year={2012},
  publisher={Pearson Education}
}
