@book{astrom2010feedback,
  title={Feedback systems: an introduction for scientists and engineers},
  author={Astr{\"o}m, Karl Johan and Murray, Richard M},
  year={2010},
  publisher={Princeton University Press}
}

@book{haykin2003,
	title = {Signals and Systems},
	author = {Simon Haykin and Barry Van Veen},
	year = {2003},
	publisher = {Wiley}
}

@misc{cheever2013bode,
  author = {Cheever, Erik},
  title = {{Rules for Constructing Bode Diagrams}},
  howpublished = "\url{http://lpsa.swarthmore.edu/Bode/Bode.html}",
  year = {2013},
  note = "[Online; accessed 3-June-2014]"
}

@book{oppenheim2014,
	title = {Signals and Systems},
	author = {Alan V. Oppenheim and Alan S. Willsky with S. Hamid Nawab},
	year = {2014},
	publisher = {Pearson Education Limited},
     ISBN      = {9781292025902}
}

@misc{biboVSinternal,
      author = {Mohammed Dahleh and Munther A. Dahleh and George Verghese},
      title = {{Lectures on Dynamic Systems and Control}},
      year = {2011},
      howpublished = "\url{https://ocw.mit.edu/courses/electrical-engineering-and-computer-science/6-241j-dynamic-systems-and-control-spring-2011/readings/MIT6_241JS11_chap15.pdf}",
      note = "[Online; accessed 7-June-2018]"
}

@misc{rh1,
      author={Douglas, Brian},
      title={{Routh-Hurwitz Criterion, An Introduction}},
      howpublished ="\url{https://www.youtube.com/watch?v=WBCZBOB3LCA}",
      year={2012},
      month={November}
}

@misc{rh2,
      author={Douglas, Brian},
      title={{Routh-Hurwitz Criterion, Special Cases}},
      howpublished ="\url{https://www.youtube.com/watch?v=oMmUPvn6lP8}",
      year={2012},
      month={December}
}

@misc{rh3,
      author={Douglas, Brian},
      title={{Routh-Hurwitz Criterion, Beyond Stability}},
      howpublished ="\url{https://www.youtube.com/watch?v=wGC5C_7Yy-s}",
      year={2012},
      month={December}
}
