@book{wackerly2008mathematical,
  title={Mathematical statistics with applications},
  author={Wackerly, Dennis D and Mendenhall, William and Scheaffer, Richard L},
  year={2008},
  edition = {Seventh},
  publisher={Cengage Learning}
}
