@article{nesterov1998introductory,
  title={Introductory lectures on convex programming},
  author={Nesterov, Yurii},
  journal={Lecture Notes},
  pages={119--120},
  year={1998}
}
@book{nesterov2004introductory,
  title={Introductory lectures on convex optimization},
  author={Nesterov, Yurii},
  volume={87},
  year={2004},
  publisher={Springer Science \& Business Media}
}
