@misc{l14,
      title  = "Lecture 14",
      author = "Kyle Fox",
      howpublished   = "\url{https://www.cs.duke.edu/courses/fall14/cps130/notes/scribe14.pdf}",
      year   = "2014"
      }
      
      
@misc{l5,
      title  = "Lecture 5",
      author = "Marc van Kreveld",
      howpublished   = "\url{http://www.cs.uu.nl/docs/vakken/ga/slides4a.pdf}",
      year   = "2016"
      }
      
@misc{trakla,
      title  = "TRAKLA2 - Visibility with Rotational Sweep",
      author = "Ari Korhonen ",
      howpublished   = "\url{http://www.cse.hut.fi/en/research/SVG/TRAKLA2/exercises/VisibleVertices-208.html}",
      year   = "2009"
      }
      
      
@misc{hw3,
      title  = "CS 506: Solution to Homework $\#$3",
      author = "Bernard M.E. Moret. ",
      howpublished   = "\url{https://www.cs.unm.edu/~moret/cs506/hwk3_sol.html}",
      }
      
@misc{circ,
      title  = "Find the minimum element in a sorted and rotated array",
      author = "GeeksForGeeks",
      howpublished   = "\url{http://www.geeksforgeeks.org/find-minimum-element-in-a-sorted-and-rotated-array/}",
      }
      
@misc{ex3,
      title  = "Computational Geometry - Exercise session $\#$3",
      author = "Yaron Ostrovsky-Berman",
      howpublished   = "\url{http://www.cs.huji.ac.il/course/2004/compgeom/slides/CG-tirgul03-6spp.pdf}",
      year   = "2005"
      }
      
      
      
      