@misc{morris2004inertia,
  author = {Morris, Dan},
  title = {{What the hell is the inertia tensor?}},
  howpublished = "\url{http://techhouse.brown.edu/~dmorris/projects/tutorials/inertia.tensor.summary.pdf}",
  year = {2004},
  note = "[Online; accessed 28-May-2014]"
}
