@book{katz2007introduction,
  title={Introduction to modern cryptography: principles and protocols},
  author={Katz, Jonathan and Lindell, Yehuda},
  year={2014},
  publisher={CRC Press},
  edition={2}
}
