@Book{schein2010,
 title = {Organizational Culture and Leadership},
 publisher = {Edgar H. Schein},
 year = {2010},
 ALTauthor = {},
 ALTeditor = {},
 OPTkey = {},
 OPTvolume = {},
 OPTnumber = {},
 OPTseries = {},
 OPTaddress = {},
 OPTedition = {4th edition},
 OPTmonth = {},
 OPTnote = {},
 OPTannote = {},
 OPTurl = {},
 OPTurldate = {},
 OPTlastchecked = {},
 OPTdoi = {},
 OPTisbn = {},
 OPTissn = {},
 OPTlocalfile = {},
 OPTabstract = {},
 OPTkeywords = {},
}
