@book{willem2008principes,
  title={Principes d'analyse fonctionnelle: Distance. 2, Int{\'e}grale. 3, Norme. 4, Espaces de Lebesgue. 5, Dualit{\'e}. 6, Espaces de Sobolev. 7, Capacit{\'e}. 8, Probl{\`e}mes elliptiques. 9, Histoire},
  author={Willem, Michel},
  year={2008},
  publisher={Cassini}
}
