@article{charnes1985foundations,
  title={Foundations of data envelopment analysis for Pareto-Koopmans efficient empirical production functions},
  author={Charnes, Abraham and Cooper, William W and Golany, Boaz and Seiford, Larry and Stutz, J},
  journal={Journal of econometrics},
  volume={30},
  number={1},
  pages={91--107},
  year={1985},
  publisher={Elsevier}
}
@book{nesterov2004introductory,
  title={Introductory lectures on convex optimization},
  author={Nesterov, Yurii},
  volume={87},
  year={2004},
  publisher={Springer Science \& Business Media}
}
@article{nemirovski2004interior,
  title={Interior point polynomial time methods in convex programming},
  author={Nemirovski, Arkadi},
  journal={Lecture Notes},
  year={2004}
}
@inproceedings{nesterov1983method,
  title={A method of solving a convex programming problem with convergence rate O (1/k2)},
  author={Nesterov, Yurii},
  booktitle={Soviet Mathematics Doklady},
  volume={27},
  number={2},
  pages={372--376},
  year={1983}
}
