@book{legat2018fem,
  title={INTRODUCTION AUX ELEMENTS FINIS... et au génie logiciel numérique en langage C},
  author={Legat, Vincent},
  year={2018},
  month={March},
  version={1.6}
}
@book{braess2007finite,
  title={Finite elements: Theory, fast solvers, and applications in solid mechanics},
  author={Braess, Dietrich},
  year={2007},
  publisher={Cambridge University Press}
}
@book{brenner2008mathematical,
  title={The mathematical theory of finite element methods},
  author={Brenner, Susanne C and Scott, Ridgway},
  volume={15},
  year={2008},
  publisher={Springer Science \& Business Media}
}
@book{johnson2012numerical,
  title={Numerical solution of partial differential equations by the finite element method},
  author={Johnson, Claes},
  year={2012},
  publisher={Courier Corporation}
}
