@article{davis1973hilbert,
  title={Hilbert's tenth problem is unsolvable},
  author={Davis, Martin},
  journal={American Mathematical Monthly},
  pages={233--269},
  year={1973},
  publisher={JSTOR}
}
@article{jeroslow1973there,
  title={There cannot be any algorithm for integer programming with quadratic constraints},
  author={Jeroslow, RC},
  journal={Operations Research},
  volume={21},
  number={1},
  pages={221--224},
  year={1973},
  publisher={INFORMS}
}
@incollection{koenigsmann2014undecidability,
  title={Undecidability in number theory},
  author={Koenigsmann, Jochen},
  booktitle={Model Theory in Algebra, Analysis and Arithmetic},
  pages={159--195},
  year={2014},
  publisher={Springer}
}
