@misc {ref1,
title={{MOOC} Les fondements de la stratégie d’entreprise},
howpublished={\url{https://courses.edx.org/courses/les-fondements-de-la-strategie-louvainX-louv10x}},
note={26 juin 2018}
}
@book{ref2,
    author    = "Alain Vas",
    title     = "Les fondements de la stratégie",
    year      = "2017",
    publisher = "Dunod"
}
@misc{ref3,
title={LECGE1315 - Stratégie d'entreprise},
howpublished={\url{https://moodleucl.uclouvain.be/course/view.php?id=9744}},
note={27 juin 2018}
}