@article{howard1960dynamic,
  title={Dynamic Programming and Markov Processes},
  author={Howard, Ronald A},
  year={1960},
  publisher = {The M.I.T. Press},
}
@book{hall1990queueing,
  title={Queueing methods for services and manufacturing},
  author={Hall, Randolph W},
  year={1990}
}
@book{gallager1995discrete,
  title={Discrete stochastic processes},
  author={Gallager, Robert G},
  volume={321},
  year={1995},
  publisher={Springer}
}
@misc{wornell2004stochastic,
  author        = {Wornell, Gregory and Willsky, Alan},
  title         = {6.432 Stochastic Processes, Detection, and Estimation},
  month         = {Spring},
  year          = {2004},
  publisher     = {Massachusetts Institute of Technology: MIT OpenCourseWare},
  note          = "\url{http://ocw.mit.edu} (Accessed 13 Apr, 2015). License: Creative Commons BY-NC-SA",
  howpublished  = "\url{http://ocw.mit.edu/courses/electrical-engineering-and-computer-science/6-432-stochastic-processes-detection-and-estimation-spring-2004/index.htm#}",
}
@book{cormen2009algorithm,
   author = {Cormen, Thomas H. and Stein, Clifford and Rivest, Ronald L. and Leiserson, Charles E.},
   title = {Introduction to Algorithms},
   year = {2009},
   edition = {3nd},
   publisher = {The M.I.T. Press},
}
@article{gallager2010discrete,
  title={Discrete stochastic processes},
  author={Gallager, RG},
  journal={Rice University},
  month={May},
  year={2010},
  note={Draft available on bookzz}
}
@misc{bertsekas2011dynamic,
  author        = {Bertsekas, Dimitri},
  title         = {6.231 Dynamic Programming and Stochastic Control},
  month         = {Fall},
  year          = {2011},
  publisher     = {Massachusetts Institute of Technology: MIT OpenCourseWare},
  note          = "\url{http://ocw.mit.edu} (Accessed 13 Apr, 2015). License: Creative Commons BY-NC-SA",
  howpublished  = "\url{http://ocw.mit.edu/courses/electrical-engineering-and-computer-science/6-231-dynamic-programming-and-stochastic-control-fall-2011/#}",
}
@misc{gallager2011discrete,
  author        = {Gallager, Robert G},
  title         = {6.262 Discrete Stochastic Processes},
  month         = {Spring},
  year          = {2011},
  publisher     = {Massachusetts Institute of Technology: MIT OpenCourseWare},
  note          = "\url{http://ocw.mit.edu} (Accessed 13 Apr, 2015). License: Creative Commons BY-NC-SA",
  howpublished  = "\url{http://ocw.mit.edu/courses/electrical-engineering-and-computer-science/6-262-discrete-stochastic-processes-spring-2011/index.htm}",
}
@misc{gamarnik2013advanced,
  author        = {Gamarnik, David},
  title         = {15.070J Advanced Stochastic Processes},
  month         = {Fall},
  year          = {2013},
  publisher     = {Massachusetts Institute of Technology: MIT OpenCourseWare},
  note          = "\url{http://ocw.mit.edu} (Accessed 13 Apr, 2015). License: Creative Commons BY-NC-SA",
  howpublished  = "\url{http://ocw.mit.edu/courses/sloan-school-of-management/15-070j-advanced-stochastic-processes-fall-2013/index.htm#}",
}
@book{puterman2014markov,
  title={Markov decision processes: discrete stochastic dynamic programming},
  author={Puterman, Martin L},
  year={2014},
  publisher={John Wiley \& Sons}
}
@misc{wu,
  author        = {Wu, Hao},
  title         = {18.445},
  month         = {Spring},
  year          = {2015},
  howpublished  = "\url{https://sites.google.com/site/haowuproba/2015-18-445}",
}
